%%%%%
%%%% BOOKS
%%%%%

@Book{bakhvalov1989homogenisation:,
 author = {Bakhvalov, N},
 title = {Homogenisation: Averaging Processes in Periodic Media : Mathematical Problems in the Mechanics of Composite Materials},
 publisher = {Springer Netherlands},
 year = {1989},
 address = {Dordrecht},
 isbn = {9789400922471}
 }
 
 @Book{panasenko2005multi-scale,
 author = {Panasenko, G. P.},
 title = {Multi-scale modelling for structures and composites},
 publisher = {Springer Sold and distributed in North, Central, and South America by Springer},
 year = {2005},
 address = {Dordrecht, Netherlands Norwell, MA},
 isbn = {1-4020-2982-9}
 }
    
 @Book{ern2004theory,
 author = {Ern, Alexandre},
 title = {Theory and practice of finite elements},
 publisher = {Springer},
 year = {2004},
 address = {New York},
 isbn = {978-1-4419-1918-2}
 }

@Book{abali2016computational,
 author = {Abali, Bilen},
 title = {Computational reality : solving nonlinear and coupled problems in continuum mechanics},
 publisher = {Springer},
 year = {2016},
 address = {Singapore},
 isbn = {978-981-10-2444-3}
 }
 
 @Book{brenner2008the,
 author = {Brenner, Susanne},
 title = {The mathematical theory of finite element methods},
 publisher = {Springer},
 year = {2008},
 address = {New York, NY},
 isbn = {978-0-387-75933-3}
 }
 
 @Book{logg2012automated,
 author = {Logg, Anders},
 title = {Automated solution of differential equations by the finite element method : the FEniCS book},
 publisher = {Springer},
 year = {2012},
 address = {Berlin New York},
 isbn = {978-3-642-23099-8}
 }
 
 
 @Book{raviart1983introduction,
 author = {Raviart, Pierre},
 title = {Introduction \`{a} l'analyse num\'{e}rique des \'{e}quations aux d\'{e}riv\'{e}es partielles},
 publisher = {Masson},
 year = {1983},
 address = {Paris New York Barcelone},
 isbn = {2-225-75670-8}
 }
 
 @Book{christensen1982theory,
 author = {Christensen, R. M.},
 title = {Theory of viscoelasticity : an introduction},
 publisher = {Academic Press},
 year = {1982},
 address = {New York},
 isbn = {0-12-174252-0}
 }
 
 
 @Book{pazy1983semigroups,
 author = {Pazy, A},
 title = {Semigroups of Linear Operators and Applications to Partial Differential Equations},
 publisher = {Springer New York},
 year = {1983},
 address = {New York, NY},
 isbn = {978-1-4612-5561-1}
 }
 
 @Book{evans2010partial,
 author = {Evans, Lawrence},
 title = {Partial differential equations},
 publisher = {American Mathematical Society},
 year = {2010},
 address = {Providence, R.I},
 isbn = {978-0-8218-4974-3}
 }
 
 
 @Book{oleinik1992mathematical,
 author = {Oleinik, O. A.},
 title = {Mathematical problems in elasticity and homogenization},
 publisher = {North-Holland},
 year = {1992},
 address = {Amsterdam New York},
 isbn = {0-444-88441-6}
 }
 
 
 @Book{altenbach2018generalized,
 author = {Altenbach, Holm},
 title = {Generalized models and non-classical approaches in complex materials},
 publisher = {Springer},
 year = {2018},
 address = {Cham, Switzerland},
 isbn = {978-3-319-72440-9}
 }
 
 %%%%%%
 %%%% ARTICLES
 %%%%%
 
 @article{Foiret2014,
  doi = {10.1109/tuffc.2014.3062},
  url = {https://doi.org/10.1109/tuffc.2014.3062},
  year  = {2014},
  month = {sep},
  publisher = {Institute of Electrical and Electronics Engineers ({IEEE})},
  volume = {61},
  number = {9},
  pages = {1478--1488},
  author = {Josquin Foiret and Jean-Gabriel Minonzio and Christine Chappard and Maryline Talmant and Pascal Laugier},
  title = {Combined estimation of thickness and velocities using ultrasound guided waves: a pioneering study on in vitro cortical bone samples},
  journal = {{IEEE} Transactions on Ultrasonics,  Ferroelectrics,  and Frequency Control}
}



@article{Rhee2007,
  doi = {10.1016/j.ultras.2007.07.005},
  url = {https://doi.org/10.1016/j.ultras.2007.07.005},
  year  = {2007},
  month = {dec},
  publisher = {Elsevier {BV}},
  volume = {47},
  number = {1-4},
  pages = {55--63},
  author = {Sang-Ho Rhee and Jeong-Ki Lee and Jung-Ju Lee},
  title = {The group velocity variation of Lamb wave in fiber reinforced composite plate},
  journal = {Ultrasonics}
}

@article{Boughammoura2013,
  doi = {10.1007/s00009-013-0262-4},
  url = {https://doi.org/10.1007/s00009-013-0262-4},
  year  = {2013},
  month = {feb},
  publisher = {Springer Nature},
  volume = {10},
  number = {4},
  pages = {1793--1812},
  author = {Ahmed Boughammoura},
  title = {Homogenization of a Highly Heterogeneous Elastic-Viscoelastic Composite Materials},
  journal = {Mediterranean Journal of Mathematics}
}

@article{Abdessamad2009,
  doi = {10.1142/s0218202509003905},
  url = {https://doi.org/10.1142/s0218202509003905},
  year  = {2009},
  month = {sep},
  publisher = {World Scientific Pub Co Pte Lt},
  volume = {19},
  number = {09},
  pages = {1603--1630},
  author = {Zouhair Abdessamad and Grigory Panasenko},
  title = {Memory effect in homgenization of a viscoelastic Kelvin-Voigt model with time-dependent coefficients.},
  journal = {Mathematical Models and Methods in Applied Sciences}
}


@article{Zhang2016,
  doi = {10.1007/s10483-016-2029-8},
  url = {https://doi.org/10.1007/s10483-016-2029-8},
  year  = {2016},
  month = {feb},
  publisher = {Springer Nature},
  volume = {37},
  number = {2},
  pages = {253--264},
  author = {Yang Zhang and Junzhi Cui and Yufeng Nie},
  title = {Second-order two-scale computational method for ageing linear viscoelastic problem in composite materials with periodic structure},
  journal = {Applied Mathematics and Mechanics}
}

@article{Parnell2008,
  doi = {10.1016/j.jmps.2008.02.003},
  url = {https://doi.org/10.1016/j.jmps.2008.02.003},
  year  = {2008},
  month = {jul},
  publisher = {Elsevier {BV}},
  volume = {56},
  number = {7},
  pages = {2521--2540},
  author = {W.J. Parnell and I.D. Abrahams},
  title = {Homogenization for wave propagation in periodic fibre-reinforced media with complex microstructure. I{\textemdash}Theory},
  journal = {Journal of the Mechanics and Physics of Solids}
}

@article{Minonzio2018,
  doi = {10.1016/j.bone.2018.07.018},
  url = {https://doi.org/10.1016/j.bone.2018.07.018},
  year  = {2018},
  month = {nov},
  publisher = {Elsevier {BV}},
  volume = {116},
  pages = {111--119},
  author = {J.-G. Minonzio and N. Bochud and Q. Vallet and Y. Bala and D. Ramiandrisoa and H. Follet and D. Mitton and P. Laugier},
  title = {Bone cortical thickness and porosity assessment using ultrasound guided waves: An ex vivo validation study},
  journal = {Bone}
}

@article{Bernard2015,
  doi = {10.1007/s10237-015-0689-6},
  url = {https://doi.org/10.1007/s10237-015-0689-6},
  year  = {2015},
  month = {jun},
  publisher = {Springer Nature},
  volume = {15},
  number = {1},
  pages = {97--109},
  author = {Simon Bernard and Joannes Schneider and Peter Varga and Pascal Laugier and Kay Raum and Quentin Grimal},
  title = {Elasticity{\textendash}density and viscoelasticity{\textendash}density relationships at the tibia mid-diaphysis assessed from resonant ultrasound spectroscopy measurements},
  journal = {Biomechanics and Modeling in Mechanobiology}
}

@article{LoggWells2010a,
  title = {DOLFIN: Automated Finite Element Computing},
  author = {Anders Logg and Garth N. Wells},
  year = {2010},
  journal = {ACM Transactions on Mathematical Software},
  volume = {37},
  number = {2},
  doi = {10.1145/1731022.1731030},
  arxiv = {1103.6248},
}

@article{Cai2019,
  doi = {10.1098/rsif.2018.0911},
  url = {https://doi.org/10.1098/rsif.2018.0911},
  year  = {2019},
  month = {feb},
  publisher = {The Royal Society},
  volume = {16},
  number = {151},
  pages = {20180911},
  author = {Xiran Cai and Renald Brenner and Laura Peralta and C{\'{e}}cile Olivier and Pierre-Jean Gouttenoire and Christine Chappard and Fran{\c{c}}oise Peyrin and Didier Cassereau and Pascal Laugier and Quentin Grimal},
  title = {Homogenization of cortical bone reveals that the organization and shape of pores marginally affect elasticity},
  journal = {Journal of The Royal Society Interface}
}

@article{Abdulle:221051,
      title = {Numerical homogenization and model order reduction for  multiscale inverse problems},
      author = {Abdulle, Assyr and Di Blasio, Andrea},
      journal = {publication},
      year = {2016},
      url = {http://infoscience.epfl.ch/record/221051},
}